@book{maths:r2,
  title     = "Matematikk R2 ",
  author    = "Heir, O. and Borge, I.C and Haug, H. and Moe, H. and Engeseth, J.",
  year      = 2008,
  publisher = "Aschehoug"
}
